../thesis_papers/Thesis.bib